@misc{jira,
title = "Atlassian: JIRA Software {[online]}",
url = {https://www.atlassian.com/software/jira/},
type = {webová stránka},
year = {{2015}},
note = "[cit. 2015-11-21]"
}

@misc{jira-lic-opensource,
title = "Atlassian: Open Source Project License Request {[online]}",
url = {https://www.atlassian.com/software/views/open-source-license-request},
type = {webová stránka},
year = {{2016}},
note = "[cit. 2016-03-04]"
}

@misc{jira-lic-nonprofit,
title = "Atlassian: Community License Request {[online]}",
url = {https://www.atlassian.com/software/views/community-license-request},
type = {webová stránka},
year = {{2016}},
note = "[cit. 2016-03-04]"
}

@misc{bugzilla,
title = "Mozilla Foundation: Bugzilla {[online]}",
url = {https://www.bugzilla.org/},
type = {webová stránka},
year = {{2015}},
note = "[cit. 2015-11-21]"
}

@misc{tfs,
title = "Microsoft Corporation: Team Foundation Server {[online]}",
url = {https://www.visualstudio.com/en-us/products/tfs-overview-vs.aspx},
type = {webová stránka},
year = {{2015}},
note = "[cit. 2015-11-21]"
}

@misc{redmine,
author = "Jean-Philippe Lang",
title = "Redmine {[online]}",
url = {http://www.redmine.org/},
type = {webová stránka},
year = {{2015}},
note = "[cit. 2015-11-21]"
}

@misc{trac,
title = "Edgewall Software: trac {[online]}",
url = {http://trac.edgewall.org/},
type = {webová stránka},
year = {{2015}},
note = "[cit. 2015-11-21]"
}

@misc{mantisbt,
title = "Open Source: Mantis Bug Tracker {[online]}",
url = {https://www.mantisbt.org/},
type = {webová stránka},
year = {{2015}},
note = "[cit. 2015-11-21]"
}

@misc{trackie,
title = "Barzooka: Trackie {[online]}",
url = {https://trackieapp.com/},
type = {webová stránka},
year = {{2015}},
note = "[cit. 2015-11-21]"
}

@misc{fogbugz,
title = "Fog Creek: FogBugz {[online]}",
url = {www.fogcreek.com/fogbugz/},
type = {webová stránka},
year = {{2015}},
note = "[cit. 2015-11-21]"
}

@misc{trello,
title = "Trello Inc.: Trello {[online]}",
url = {https://trello.com/},
type = {webová stránka},
year = {{2015}},
note = "[cit. 2015-11-21]"
}

@misc{asana,
title = "Asana: asana {[online]}",
url = {https://asana.com/},
type = {webová stránka},
year = {{2015}},
note = "[cit. 2015-11-21]"
}

@misc{gkeep,
title = "Google Inc.: Google Keep {[online]}",
url = {https://www.google.com/keep/},
type = {webová stránka},
year = {{2015}},
note = "[cit. 2015-11-21]"
}

@misc{todoist,
title = "Doist: todoist {[online]}",
url = {https://en.todoist.com/},
type = {webová stránka},
year = {{2015}},
note = "[cit. 2015-11-21]"
}

@misc{ginbox,
title = "Google Inc.: Google Inbox {[online]}",
url = {https://www.google.com/inbox/},
type = {webová stránka},
year = {{2015}},
note = "[cit. 2015-11-21]"
}

@misc{gcal,
title = "Google Inc.: Google Calendar {[online]}",
url = {https://www.google.com/calendar/},
type = {webová stránka},
year = {{2015}},
note = "[cit. 2015-11-21]"
}

@misc{toodledo,
title = "Toodledo: Toodledo {[online]}",
url = {https://www.toodledo.com/},
type = {webová stránka},
year = {{2015}},
note = "[cit. 2015-11-21]"
}

@misc{spring,
title = "Pivotal Software: Spring {[online]}",
url = {https://spring.io/},
type = {webová stránka},
year = {{2015}},
note = "[cit. 2015-11-21]"
}
